<record><leader>00000cas a22000007a 4500</leader><controlfield tag="001">13540250</controlfield><controlfield tag="008">860507d18461848pauwr ne      0    0eng d</controlfield><datafield ind1=" " ind2=" " tag="010"><subfield code="a">sn 86081374 </subfield></datafield><datafield ind1=" " ind2=" " tag="040"><subfield code="a">NPH</subfield><subfield code="b">eng</subfield><subfield code="c">NPH</subfield><subfield code="d">NPX</subfield><subfield code="d">OCLCQ</subfield><subfield code="d">DLC</subfield></datafield><datafield ind1=" " ind2=" " tag="042"><subfield code="a">msc</subfield></datafield><datafield ind1="0" ind2="4" tag="245"><subfield code="a">The Centre Democrat and farmer's journal.</subfield></datafield><datafield ind1="1" ind2="7" tag="246"><subfield code="a">Democrat and journal</subfield></datafield><datafield ind1=" " ind2=" " tag="260"><subfield code="a">Bellefonte, Pa. :</subfield><subfield code="b">Wm. H. Blair,</subfield><subfield code="c">1846-1848.</subfield></datafield><datafield ind1=" " ind2=" " tag="300"><subfield code="a">2 v. ;</subfield><subfield code="c">53 cm.</subfield></datafield><datafield ind1=" " ind2=" " tag="310"><subfield code="a">Weekly</subfield></datafield><datafield ind1="0" ind2=" " tag="362"><subfield code="a">New ser., v. 13, no. 32 (Sept. 23, 1846)-new ser., v. 14, no. 44 (Apr. 5, 1848).</subfield></datafield><datafield ind1=" " ind2=" " tag="752"><subfield code="a">United States</subfield><subfield code="b">Pennsylvania</subfield><subfield code="c">Centre</subfield><subfield code="d">Bellefonte.</subfield></datafield><datafield ind1="0" ind2="0" tag="780"><subfield code="t">Centre Democrat (Bellefonte, Pa. : 1834)</subfield><subfield code="w">(DLC)sn 85025189</subfield></datafield><datafield ind1="0" ind2="0" tag="785"><subfield code="t">Centre Democrat (Bellefonte, Pa. : 1848)</subfield><subfield code="x">0747-0118</subfield><subfield code="w">(DLC)sn 84009409</subfield><subfield code="w">(OCoLC)2259103</subfield></datafield></record>